@online{EMSE,
    author = {Ionna Stavropoulou, Marios Grigoriou, Kostas Kontogiannis},
    title = {Case study on which relations to use for clustering-based software architecture recovery},
    publisher = {Springer},
    year = {2017}
}

@online{Fault,
    author = {Krystalenia, Kostas Kontogiannis},
    title = {Assisting Developers Towards Fault Localization by Analyzing Failure Reports},
    publisher = {CASCON},
    year = {November 2017},
}